<?xml version="1.0" encoding="UTF-8"?><record xmlns="http://www.loc.gov/MARC21/slim" xmlns:cinclude="http://apache.org/cocoon/include/1.0" xmlns:zs="http://www.loc.gov/zing/srw/">
  <leader>01548cz  a2200349n  4500</leader>
  <controlfield tag="001">n  84806202 </controlfield>
  <controlfield tag="003">DLC</controlfield>
  <controlfield tag="005">20121003074730.0</controlfield>
  <controlfield tag="008">841126n| azannaabn          |a aaa     c</controlfield>
  <datafield tag="010" ind1=" " ind2=" ">
    <subfield code="a">n  84806202 </subfield>
  </datafield>
  <datafield tag="035" ind1=" " ind2=" ">
    <subfield code="a">(OCoLC)oca01211111</subfield>
  </datafield>
  <datafield tag="040" ind1=" " ind2=" ">
    <subfield code="a">ICU</subfield>
    <subfield code="b">eng</subfield>
    <subfield code="c">ICU</subfield>
    <subfield code="d">DLC</subfield>
    <subfield code="d">ICU</subfield>
    <subfield code="d">DLC</subfield>
    <subfield code="e">rda</subfield>
  </datafield>
  <datafield tag="046" ind1=" " ind2=" ">
    <subfield code="f">1858</subfield>
    <subfield code="g">1937</subfield>
  </datafield>
  <datafield tag="100" ind1="1" ind2=" ">
    <subfield code="a">Bose, Jagadis Chandra,</subfield>
    <subfield code="d">1858-1937</subfield>
  </datafield>
  <datafield tag="400" ind1="1" ind2=" ">
    <subfield code="a">Bojha, Jagadīśacandra,</subfield>
    <subfield code="d">1858-1937</subfield>
  </datafield>
  <datafield tag="400" ind1="1" ind2=" ">
    <subfield code="a">Bos, Dzhagdish Chandra,</subfield>
    <subfield code="d">1858-1937</subfield>
  </datafield>
  <datafield tag="400" ind1="1" ind2=" ">
    <subfield code="a">Bose, Jagadish Chandra,</subfield>
    <subfield code="d">1858-1937</subfield>
  </datafield>
  <datafield tag="400" ind1="1" ind2=" ">
    <subfield code="w">nna</subfield>
    <subfield code="a">Bose, Jagadis Chunder,</subfield>
    <subfield code="c">Sir,</subfield>
    <subfield code="d">1858-1937</subfield>
  </datafield>
  <datafield tag="400" ind1="1" ind2=" ">
    <subfield code="w">nne</subfield>
    <subfield code="a">Bose, Jagadis Chandra,</subfield>
    <subfield code="c">Sir,</subfield>
    <subfield code="d">1858-1937</subfield>
  </datafield>
  <datafield tag="400" ind1="1" ind2=" ">
    <subfield code="a">Bose, Jagadishchandra,</subfield>
    <subfield code="d">1858-1937</subfield>
  </datafield>
  <datafield tag="400" ind1="1" ind2=" ">
    <subfield code="a">Basu, Jagadiśacandra,</subfield>
    <subfield code="d">1858-1937</subfield>
  </datafield>
  <datafield tag="400" ind1="1" ind2=" ">
    <subfield code="a">Bose, J. C.,</subfield>
    <subfield code="d">1858-1937</subfield>
  </datafield>
  <datafield tag="670" ind1=" " ind2=" ">
    <subfield code="a">LCCN sa64-8237: Gupta, M. Jagadischandra Bose, 1964</subfield>
    <subfield code="b">(hdg.: Bose, Sir Jagadis Chunder, 1858-1937)</subfield>
  </datafield>
  <datafield tag="670" ind1=" " ind2=" ">
    <subfield code="a">LC data base, 11-7-84</subfield>
    <subfield code="b">(hdg.: Bose, Sir Jagadis Chunder, 1858-1937; usage: Jagadis Chandra Bose)</subfield>
  </datafield>
  <datafield tag="670" ind1=" " ind2=" ">
    <subfield code="a">Enc. brit. 15th ed.</subfield>
    <subfield code="b">(Bose, Sir Jagadis Chandra)</subfield>
  </datafield>
  <datafield tag="670" ind1=" " ind2=" ">
    <subfield code="a">Dic. of sci. bio.</subfield>
    <subfield code="b">(Bose, Jagadis Chunder)</subfield>
  </datafield>
  <datafield tag="670" ind1=" " ind2=" ">
    <subfield code="a">World who's who in sci.</subfield>
    <subfield code="b">(Bose, Jagadis Chandra)</subfield>
  </datafield>
  <datafield tag="670" ind1=" " ind2=" ">
    <subfield code="a">Dzhagdish Chandra Bos, 1858-1937, 1993.</subfield>
  </datafield>
  <datafield tag="670" ind1=" " ind2=" ">
    <subfield code="a">Vijñānaśāstrī Sara Jagadīśacandra Bojha, 1940:</subfield>
    <subfield code="b">t.p. (Jagadīśacandra Bojha)</subfield>
  </datafield>
  <datafield tag="670" ind1=" " ind2=" ">
    <subfield code="a">Simple experiments of a great scientist, 2009:</subfield>
    <subfield code="b">cover (Acharya Jagadish Chandra Bose)</subfield>
  </datafield>
  <datafield tag="670" ind1=" " ind2=" ">
    <subfield code="a">Jagadiśacandra Basu, 1858-1937, 1996.</subfield>
  </datafield>
  <datafield tag="670" ind1=" " ind2=" ">
    <subfield code="a">Remembering Sir J.C. Bose, 2009.</subfield>
  </datafield>
</record>